<record><leader>00000cas a22000001  4500</leader><controlfield tag="001">17269304</controlfield><controlfield tag="007">hd bfb016baca</controlfield><controlfield tag="007">hd bfb016baaa</controlfield><controlfield tag="008">720626d19721975nyumn nea     0   a0eng c</controlfield><datafield ind1=" " ind2=" " tag="010"><subfield code="a">sn 94080112 </subfield></datafield><datafield ind1=" " ind2=" " tag="040"><subfield code="a">NN</subfield><subfield code="b">eng</subfield><subfield code="c">NYP</subfield><subfield code="d">RQM</subfield><subfield code="d">OCLCQ</subfield><subfield code="d">OCLCO</subfield><subfield code="d">OCLCQ</subfield></datafield><datafield ind1=" " ind2=" " tag="042"><subfield code="a">pcc</subfield></datafield><datafield ind1="0" ind2=" " tag="130"><subfield code="a">Clarion (Professional Staff Congress/City University of New York)</subfield></datafield><datafield ind1="1" ind2="0" tag="245"><subfield code="a">Clarion.</subfield></datafield><datafield ind1=" " ind2=" " tag="260"><subfield code="a">New York.</subfield></datafield><datafield ind1=" " ind2=" " tag="300"><subfield code="a">4 volumes</subfield><subfield code="b">illustrations</subfield><subfield code="c">37 cm</subfield></datafield><datafield ind1=" " ind2=" " tag="310"><subfield code="a">Monthly during the academic year (slightly irregular)</subfield></datafield><datafield ind1=" " ind2=" " tag="336"><subfield code="a">text</subfield><subfield code="b">txt</subfield><subfield code="2">rdacontent</subfield></datafield><datafield ind1=" " ind2=" " tag="337"><subfield code="a">microform</subfield><subfield code="b">h</subfield><subfield code="2">rdamedia</subfield></datafield><datafield ind1=" " ind2=" " tag="338"><subfield code="a">microfilm reel</subfield><subfield code="b">hd</subfield><subfield code="2">rdacarrier</subfield></datafield><datafield ind1="0" ind2=" " tag="362"><subfield code="a">v. 1-4, no. 5; May 5, 1972-Feb. 3, 1975.</subfield></datafield><datafield ind1=" " ind2=" " tag="550"><subfield code="a">Official newspaper of the Professional Staff Congress/City University of New York.</subfield></datafield><datafield ind1=" " ind2=" " tag="533"><subfield code="a">Microfilm.</subfield><subfield code="m">v.1-4 (1972-1975) On film with related titles.</subfield><subfield code="b">New York :</subfield><subfield code="c">New York Public Library,</subfield><subfield code="d">1981.</subfield><subfield code="e">1 microfilm reel ; 35 mm.</subfield></datafield><datafield ind1="2" ind2=" " tag="710"><subfield code="a">Professional Staff Congress/City University of New York.</subfield></datafield><datafield ind1="1" ind2=" " tag="776"><subfield code="c">Original</subfield><subfield code="w">(DLC)sn 79002904</subfield></datafield><datafield ind1="0" ind2="0" tag="785"><subfield code="t">PSCcuny clarion</subfield><subfield code="w">(DLC)sn 94080723</subfield></datafield><datafield ind1=" " ind2=" " tag="850"><subfield code="a">NN</subfield><subfield code="a">NN (master)</subfield></datafield><datafield ind1="1" ind2=" " tag="029"><subfield code="a">AU@</subfield><subfield code="b">000025858767</subfield></datafield></record>